@article{tajima_statistical_1989,
	title = {Statistical {Method} for {Testing} the {Neutral} {Mutation} {Hypothesis} by {DNA} {Polymorphism}},
	volume = {123},
	issn = {0016-6731},
	url = {https://www.ncbi.nlm.nih.gov/pmc/articles/PMC1203831/},
	number = {3},
	urldate = {2020-02-25},
	journal = {Genetics},
	author = {Tajima, F.},
	month = nov,
	year = {1989},
	pmid = {2513255},
	pmcid = {PMC1203831},
	pages = {585--595},
	file = {PubMed Central Full Text PDF:/home/ckastall/Documents/bibliographie/zotero/storage/FV9JSYHE/Tajima - 1989 - Statistical Method for Testing the Neutral Mutatio.pdf:application/pdf}
}
@Article{paradis_2018,
    title = {ape 5.0: an environment for modern phylogenetics and evolutionary analyses in {R}},
    author = {E. Paradis and K. Schliep},
    journal = {Bioinformatics},
    year = {2018},
    volume = {xx},
    pages = {xxx-xxx},
}
@Article{staab_2016,
    title = {{Coala}: an {R} framework for coalescent simulation},
    author = {{Paul R. Staab} and {Dirk Metzler}},
    year = {2016},
    journal = {Bioinformatics},
    doi = {10.1093/bioinformatics/btw098},
    url = {http://bioinformatics.oxfordjournals.org/content/early/2016/03/09/bioinformatics.btw098.abstract},
}
