@Article{knaus_2017,
    title = {{VCFR}: a package to manipulate and visualize variant call format data in {R}},
    author = {Brian J. Knaus and Niklaus J. Gr{\"u}nwald},
    journal = {Molecular Ecology Resources},
    year = {2017},
    volume = {17},
    number = {1},
    issn = {757},
    url = {http://dx.doi.org/10.1111/1755-0998.12549},
    pages = {44--53},
}
@article{nordborg_2005,
	title = {The {Pattern} of {Polymorphism} in {Arabidopsis} thaliana},
	volume = {3},
	issn = {1545-7885},
	url = {https://dx.plos.org/10.1371/journal.pbio.0030196},
	doi = {10.1371/journal.pbio.0030196},
	language = {en},
	number = {7},
	urldate = {2020-03-08},
	journal = {PLoS Biology},
	author = {Nordborg, Magnus and Hu, Tina T and Ishino, Yoko and Jhaveri, Jinal and Toomajian, Christopher and Zheng, Honggang and Bakker, Erica and Calabrese, Peter and Gladstone, Jean and Goyal, Rana and Jakobsson, Mattias and Kim, Sung and Morozov, Yuri and Padhukasahasram, Badri and Plagnol, Vincent and Rosenberg, Noah A and Shah, Chitiksha and Wall, Jeffrey D and Wang, Jue and Zhao, Keyan and Kalbfleisch, Theodore and Schulz, Vincent and Kreitman, Martin and Bergelson, Joy},
	editor = {Mitchell-Olds, Tom},
	month = may,
	year = {2005},
	pages = {e196},
	file = {Nordborg et al. - 2005 - The Pattern of Polymorphism in Arabidopsis thalian.PDF:/home/ckastall/Documents/bibliographie/zotero/storage/3CP65BWZ/Nordborg et al. - 2005 - The Pattern of Polymorphism in Arabidopsis thalian.PDF:application/pdf}
}
@article{marroni_2011,
	title = {Nucleotide diversity and linkage disequilibrium in {Populus} nigra cinnamyl alcohol dehydrogenase ({CAD4}) gene},
	volume = {7},
	issn = {1614-2950},
	url = {https://doi.org/10.1007/s11295-011-0391-5},
	doi = {10.1007/s11295-011-0391-5},
	language = {en},
	number = {5},
	urldate = {2020-03-07},
	journal = {Tree Genetics \& Genomes},
	author = {Marroni, Fabio and Pinosio, Sara and Zaina, Giusi and Fogolari, Federico and Felice, Nicoletta and Cattonaro, Federica and Morgante, Michele},
	month = oct,
	year = {2011},
	pages = {1011--1023},
	file = {Springer Full Text PDF:/home/ckastall/Documents/bibliographie/zotero/storage/LCD2UG2C/Marroni et al. - 2011 - Nucleotide diversity and linkage disequilibrium in.pdf:application/pdf}
}
@article{hill_1988,
  title={Variances and covariances of squared linkage disequilibria in finite populations},
  author={Hill, WG and Weir, BS},
  journal={Theoretical population biology},
  volume={33},
  number={1},
  pages={54--78},
  year={1988},
  publisher={Elsevier}
}
@article{pyhajarvi_2007,
	title = {Demographic {History} {Has} {Influenced} {Nucleotide} {Diversity} in {European} {Pinus} sylvestris {Populations}},
	volume = {177},
	copyright = {Copyright © 2007 by the Genetics Society of America},
	issn = {0016-6731, 1943-2631},
	url = {http://www.genetics.org/content/177/3/1713},
	doi = {10.1534/genetics.107.077099},
	language = {en},
	number = {3},
	urldate = {2019-03-01},
	journal = {Genetics},
	author = {Pyhäjärvi, Tanja and García-Gil, M. Rosario and Knürr, Timo and Mikkonen, Merja and Wachowiak, Witold and Savolainen, Outi},
	month = nov,
	year = {2007},
	pmid = {18039881},
	keywords = {demography, nt\_diversity, outi, pinus\_sylvestris, tanja},
	pages = {1713--1724},
}
@article{hill_1968,
  title={Linkage disequilibrium in finite populations},
  author={Hill, WG and Robertson, Alan},
  journal={Theoretical and applied genetics},
  volume={38},
  number={6},
  pages={226--231},
  year={1968},
  publisher={Springer}
}

