@article{revell_learnpopgen_2019,
	title = {{learnPopGen}: {An} {R} package for population genetic simulation and numerical analysis},
	issn = {2045-7758},
	shorttitle = {{learnPopGen}},
	url = {https://onlinelibrary.wiley.com/doi/abs/10.1002/ece3.5412@10.1002/(ISSN)2045-7758.Academic-Practice-in-Ecology-and-Evolution},
	doi = {10.1002/ece3.5412@10.1002/(ISSN)2045-7758.Academic-Practice-in-Ecology-and-Evolution},
	urldate = {2020-01-26},
	journal = {Ecology and Evolution},
	author = {Revell, Liam J.},
	month = mar,
	year = {2019},
	keywords = {simulation, evolutionary biology, teaching},
	pages = {7896--7902},
}

